<?xml version="1.0" encoding="UTF-8"?><collection xmlns="http://www.loc.gov/MARC21/slim"><record><leader>00478nam--2200193-u-4500</leader><controlfield tag="001">000055170</controlfield><controlfield tag="002">20161230</controlfield><controlfield tag="005">20161230201052</controlfield><controlfield tag="008">121108s1000------------r-----000-0-rus-d</controlfield><datafield ind1=" " ind2=" " tag="040"><subfield code="a">IFIN-HH</subfield></datafield><datafield ind1=" " ind2=" " tag="041"><subfield code="a">rus</subfield></datafield><datafield ind1=" " ind2=" " tag="080"><subfield code="a">539.2</subfield></datafield><datafield ind1="1" ind2=" " tag="100"><subfield code="a">Geoprobiani, A.N</subfield></datafield><datafield ind1="1" ind2="0" tag="245"><subfield code="a">Fizika soedinenii aii bvi</subfield><subfield code="c">A.n. geoprobiani, m.k. seinkmana</subfield></datafield><datafield ind1=" " ind2=" " tag="260"><subfield code="a">Moskva</subfield><subfield code="b">Naka</subfield><subfield code="c">1986</subfield></datafield><datafield ind1=" " ind2=" " tag="300"><subfield code="a">320P</subfield></datafield><datafield ind1="1" ind2=" " tag="700"><subfield code="a">Seinkmana, M.K</subfield></datafield><datafield ind1=" " ind2=" " tag="852"><subfield code="a">73834</subfield><subfield code="c">539.2</subfield></datafield><datafield ind1=" " ind2=" " tag="CAT"><subfield code="a">Sys</subfield><subfield code="c">20121108</subfield><subfield code="h">164437</subfield></datafield></record></collection>